@article{,
	author = {},
	title = {},
	url = {},
	doi = {},
	journal = {},
	volume = {},
	number = {},
	year = {},
	annotate = {},
},

@book{,
	author ={},
	title = {},
	edition = {},
	isbn = {},
	publisher = {},
	year = {},
	pages={}
	chap = {},
	annotate = {},
},

@article{styer2002nine,
  title={Nine formulations of quantum mechanics},
  author={Styer, Daniel F and Balkin, Miranda S and Becker, Kathryn M and Burns, Matthew R and Dudley, Christopher E and Forth, Scott T and Gaumer, Jeremy S and Kramer, Mark A and Oertel, David C and Park, Leonard H and others},
  journal={American Journal of Physics},
  volume={70},
  number={3},
  pages={288--297},
  year={2002},
  publisher={AAPT}
},

@book{kim1991phase,
  title={Phase space picture of quantum mechanics: group theoretical approach},
  author={Kim, Young-Suk and Noz, Marilyn E.},
  year={1991},
  publisher={World Scientific}
},

@book{schroeck1996quantum,
  title={Quantum mechanics on phase space},
  author={{Schroeck Jr.}, Franklin E.},
  year={1996},
  publisher={Kluwer}
},

@unpublished{jordan2017zoo,
	author = "Stephen Jordan",
	title  = "{Quantum Algorithm Zoo}",
	note   = "URL: \url{http://math.nist.gov/quantum/zoo/}. 
	Last visited on December 2017",
	year={December 2017}
},

@incollection{jozsa1997entanglement,
  title={Entanglement and quantum computation},
  author={Richard Jozsa},
  booktitle={The
  Geometric Universe: Science, Geometry, and the Work of Roger Penrose},
  editor = {S.A.
  Huggett, L.J. Mason, K.P. Tod, S.T. Tsou, and N.M.J. Woodhouse},
  pages={369–378},
  year={1997},
  publisher={Oxford University Press}
},

@book{aaronson2013democritus,
  title={Quantum computing since Democritus},
  author={Aaronson, Scott},
  year={2013},
  publisher={Cambridge University Press}
},

@unpublished{SMBC,
	author = "Zach Weinersmith",
	title  = "{Science Communication}",
	note   = "Saturday Morning Breakfast Cereal, URL: \url{http://www.smbc-comics.com/comic/science-communication}. 
	Last visited on November 2017",
	year={December 2015}
},

@InCollection{sep-scientific-underdetermination,
	author       =	{Stanford, Kyle},
	title        =	{Underdetermination of Scientific Theory},
	booktitle    =	{The Stanford Encyclopedia of Philosophy},
	editor       =	{Edward N. Zalta},
	howpublished =	{\url{https://plato.stanford.edu/archives/win2017/entries/scientific-underdetermination/}},
	year         =	{2017},
	edition      =	{Winter 2017},
	publisher    =	{Metaphysics Research Lab, Stanford University}
},

@Book{junior2015the,
 author = {Junior, Olival},
 title = {The quantum dissidents : rebuilding the foundations of quantum mechanics (1950-1990},
 publisher = {Springer},
 year = {2015},
 address = {Heidelberg},
 isbn = {978-3662446614}
},

@incollection{jaynes1992gibbs,
  title={The Gibbs paradox},
  author={Jaynes, Edwin T},
  booktitle={Maximum entropy and bayesian methods},
  pages={1--21},
  year={1992},
  publisher={Springer}
},

@book{neumann2005selected,
  title={John von Neumann: selected letters},
  author={John {von Neumann} and Mikl{\'o}s R{\'e}dei},
  volume={27},
  year={2005},
  publisher={American Mathematical Soc.}
},

@Book{nielsen2000quantum,
	author = {Nielsen, Michael and Chuang, Isaac},
	title = {Quantum computation and quantum information},
	publisher = {Cambridge University Press},
	year = {2000},
	address = {Cambridge New York},
	isbn = {0521635039}
}

@Book{pitowsky-qm-as-probability-theory,
	author = {Bub, Jeffrey},
	url = {https://arxiv.org/abs/quant-ph/0510095}
	title = {Physical theory and its interpretation : essays in honor of Jeffrey Bub},
	publisher = {Springer},
	year = {2006},
	address = {Dordrecht},
	isbn = {1402048750}
	annotate = {Itamar Pitowsky, "Quantum mechanics as a theory of probability"}
}

@Book{pitowsky1989quantum,
	author = {Pitowsky, Itamar},
	title = {Quantum probability--quantum logic},
	publisher = {Springer-Verlag},
	year = {1989},
	address = {Berlin New York},
	isbn = {3540506799}
}

@Book{kholevo1982probabilistic,
	author = {Kholevo, A. S.},
	title = {Probabilistic and statistical aspects of quantum theory},
	publisher = {North-Holland Pub. Co. Sole distributors for the U.S.A. and Canada, Elsevier Science Pub. Co},
	year = {1982},
	address = {Amsterdam New York New York},
	isbn = {0444863338}
}

@Book{busch1995operational,
	author = {Busch, Paul},
	title = {Operational quantum physics},
	publisher = {Springer},
	year = {1995},
	address = {Berlin New York},
	isbn = {3540593586}
}

@Book{zachos2005quantum,
	author = {Cosmas K. Zachos, David B. Fairlie, Thomas L. Curtright},
	title = {Quantum mechanics in phase space : an overview with selected papers},
	publisher = {World Scientific},
	year = {2005},
	address = {New Jersey London},
	isbn = {978-981-238-384-6.}
}

@Book{bell2004speakable,
	author = {Bell, J. S.},
	title = {Speakable and unspeakable in quantum mechanics : collected papers on quantum philosophy},
	edition = {2nd}
	publisher = {Cambridge University Press},
	year = {2004},
	address = {Cambridge New York},
	isbn = {0521523389}
}

@article{Mackey80,
	title = {Harmonic Analysis as the Exploitation of Symmetry --- A Historical Survey},
	url = {https://projecteuclid.org/euclid.bams/1183546470},
	doi = {},
	author = {George W. Mackey},
	journal = {Bulletin of the American Mathematical Society},
	volume = {3},
	number = {1},
	year = {1980},
	annotate = {Historical remark on group theory in quantum mechanics},
}

@article{Wigner27,
	author = {Eugene Wigner},
	title = {Einige Folgerungen aus der Schrödingerschen Theorie für die Termstrukturen},
	url = {},
	doi = {10.1007/BF01397327},
	journal = { Zeitschrift für Physik},
	volume = {43},
	number = {9-10},
	year = {1927},
	annotate = {},
},

@book{,
	title = {},
	edition = {},
	isbn = {},
	publisher = {},
	author = {},
	year = {},
	pages={}
	chap = {},
	annotate = {}
},

@article{,
	title = {},
	url = {},
	doi = {},
	author = {},
	journal = {},
	volume = {},
	number = {},
	year = {},
	annotate = {},
}

%------------------------------
% Representation theory
%------------------------------

@book{Helgason,
	edition = {},
	title = {Differential Geometry, Lie groups, and Symmetric Spaces},
	isbn = {},
	publisher = {American Mathematical Society},
	author = {Helgason, Sigurdur},
	year = {1978},
	pages={}
	chap = {},
	annotate = {A standard reference on symmetric spaces}
},

@book{Knapp,
	title = {Lie groups Beyond Introduction},
	edition = {2nd},
	isbn = {},
	publisher = {Birkh{\"a}user},
	author = {Knapp, Anthony W.},
	year = {2002},
	pages={}
	chap = {},
	annotate = {}
},

@book{Knapp-examples,
	title = {Representation Theory of Semisimple Groups: An Overview Based on Examples},
	edition = {2nd},
	isbn = {},
	publisher = {Princeton University Press},
	author = {Knapp, Anthony W.},
	year = {1986},
	pages={}
	chap = {},
	annotate = {}
},

@book{Heckman,
	title = {Harmonic Analysis and Special Functions on Symmetric Spaces},
	isbn = {},
	author = {Heckman, Gerrit and Schlicktkrull, Henrik},
	publisher = {Academic Press},
	year = {1994},
	pages={}
	chap = {},
	annotate = {}
},

@book{Vilenkin1,
	title = {Representation of Lie Groups and Special Functions Volume 1: Simplest Lie Groups, Special Functions and Integral Transforms},
	isbn = {},
	publisher = {Kluwer Academic Publishers},
	author = {Vilenkin, N. Ja and Klimyk, A. U.},
	year = {1988},
	pages={}
	chap = {},
	annotate = {}
},

@article{Zhang03,
	title = {Geometric theory of nonlocal two-qubit operations},
	url = {https://journals.aps.org/pra/abstract/10.1103/PhysRevA.67.042313},
	doi = {10.1103/PhysRevA.67.042313},
	author = {Jun Zhang, Jiri Vala, Shankar Sastry, and Birgitta Whaley},
	journal = {Physical Review A},
	volume = {67},
	number = {042313},
	year = {2003},
	annotate = {},
}

@article{Braunstein05,
	title = {Squeezing as an irreducible resource},
	url = {https://journals.aps.org/pra/abstract/10.1103/PhysRevA.71.055801},
	doi = {10.1103/PhysRevA.71.055801},
	author = {Braunstein, Samuel},
	journal = {Physical Review A},
	volume = {71},
	number = {055801},
	year = {2005},
	annotate = {},
}

@book{Vilenkin3,
	title = {Representation of Lie Groups and Special Functions Volume 3: Classical and Quantum Groups and Special Functions},
	isbn = {},
	publisher = {Kluwer Academic Publishers},
	author = {Vilenkin, N. Ja and Klimyk, A. U.},
	year = {1988},
	pages={}
	chap = {},
	annotate = {}
},

@book{Gangolli,
	title = {Harmonic Analysis of Spherical Functions on Real Reductive Groups},
	isbn = {},
	publisher = {Springer-Verlag},
	author = {Gangolli, Ramesh and Varadarajan, Veeravalli},
	year = {1988},
	pages={36-37}
	chap = {1},
	annotate = {}
},

@article{Yakimova,
	title = {Gelfand Pairs},
	url = {http://hss.ulb.uni-bonn.de/2004/0513/0513.htm},
	doi = {},
	author = {Yakimova, Oksana},
	journal = {},
	volume = {},
	number = {},
	year = {2004},
	annotate = {},
}

@book{Derezinski, 
	title={Mathematics of Quantization and Quantum Fields},
	author={Jan Derezi{\'n}ski and Christian G{\'e}rard},
	publisher={Cambridge University Press},
	year={2013},
	address = {Cambridge},
	isbn = {1107011116}
},

@incollection{Schwinger,
	title = {On Angular Momentum},
	author = {Julian Schwinger},
	journal = {USAEC Report NYO-3071},
	editor = {L.C.Biedenharn and H.van Dam},
	booktitle = {Quantum Theory of Angular Momentum},
	volume = {},
	number = {},
	year = {1965},
	pages = {229}
	annotate = {},
},

@book{Barut,
	title={Theory of group representations and applications},
	author={Barut, Asim and Ra{\c c}zka, Ryszard},
	year={1986},
	publisher={World Scientific Publishing Co Inc}
},

@book{Peskin,
	title={An introduction to quantum field theory},
	author={Michael E. Peskin and Daniel V. Schroeder},
	year={1995},
	publisher={Westview press}
},

%------------------------------
% Quasi-probability representations
%------------------------------

@article{dirac1942bakerian,
	title={Bakerian lecture. The physical interpretation of quantum mechanics},
	author={Dirac, Paul AM},
	journal={Proceedings of the Royal Society of London. Series A, Mathematical and Physical Sciences},
	pages={1--40},
	year={1942},
	publisher={JSTOR}
},

@article{feynman1987negative,
	title={Negative probability},
	author={Feynman, Richard P},
	journal={Quantum implications: essays in honour of David Bohm},
	pages={235--248},
	year={1987},
	publisher={Routledge \& Kegan Paul London, UK}
},

@Book{feynman1994,
	author = {Feynman, Richard},
	title = {The character of physical law},
	publisher = {Modern Library},
	year = {1994},
	address = {New York},
	isbn = {0679601279}
},

@book{walls2007quantum,
	title={Quantum optics},
	author={Walls, Daniel F and Milburn, Gerard J},
	edition = {2nd},
	year={2008},
	publisher={Springer}
},

@book{gardiner2004quantum,
	title={Quantum noise: a handbook of Markovian and non-Markovian quantum stochastic methods with applications to quantum optics},
	author={Gardiner, Crispin and Zoller, Peter},
	edition = {3rd},
	volume={56},
	year={2004},
	publisher={Springer}
},

@book{christensen2003introduction,
	title={An introduction to frames and Riesz bases},
	author={Christensen, Ole},
	volume={7},
	year={2003},
	address = {Boston},
	publisher={Birkh{\"a}user}
},

@unpublished{caves2014superoperators,
	author = "Carlton M. Caves",
	title  = "{University of New Mexico PHYS572 Quantum Information Theory, Lecture Notes: Superoperators and completely positive maps}",
	note   = "URL: \url{http://info.phys.unm.edu/~caves/courses/qinfo-f14/lectures/lectures17-20.pdf}. 
	Last visited on October 2017",
	year=2014
},

@article{gross1996symmetry,
	title={The role of symmetry in fundamental physics},
	author={Gross, David J},
	journal={Proceedings of the National Academy of Sciences},
	volume={93},
	number={25},
	pages={14256--14259},
	year={1996},
	publisher={National Acad Sciences}
},

@book{weyl1950qm,
	title={The theory of groups and quantum mechanics},
	author={Weyl, Hermann},
	year={1950},
	publisher={Dover Publications}
},

@Book{fujii2015quantum,
	author = {Fujii, Keisuke},
	title = {Quantum computation with topological codes : from qubit to topological fault-tolerance},
	publisher = {Springer},
	year = {2015},
	address = {Singapore},
	isbn = {978-981-287-995-0}
}

@unpublished{gross2015coogee,
	author = "David Gross",
	title  = "{Positivity and sparsity in time-frequency distributions (with the benefit of hindsight)}",
	note   = "Coogee'15 Sydney Quantum Information Theory Workshop, URL: \url{http://www.physics.usyd.edu.au/quantum/Coogee2015/Presentations/Gross.pdf}. 
	Last visited on October 2017",
	year={2015}
},

@book{ali2014coherent,
	author = {Syed Twareque Ali and Jean-Pierre Antoine and Jean-Pierre Gazeau},
	title = {Coherent states, wavelets and their generalizations},
	publisher = {Springer},
	year = {2014},
	address = {New York},
	isbn = {978-1-4614-8534-6}
},

@book{combescure2012coherent,
	author = {Monique Combescure and Didier Robert},
	title = {Coherent states and applications in mathematical physics},
	publisher = {Springer},
	year = {2012},
	address = {Dordrecht New York},
	isbn = {978-94-007-0195-3}
},

@article{gilmore1974properties,
	author = {Robert Gilmore},
	title = {On the properties of coherent states},
	url = {},
	doi = {},
	journal = {Revista Mexicana de Fisica},
	volume = {23},
	number = {143--187},
	year = {1974},
	annotate = {},
},

@book{RS2,
	title={Methods of Modern Mathematical Physics: Fourier Analysis, Self-Adjointness},
	author={Reed, Michael and Simon, Barry},
	volume={2},
	year={1975},
	publisher={Academic Press},
	address = {London},
},

@book{morris1977pontryagin,
	author = {Morris, Sidney},
	title = {Pontryagin duality and the structure of locally compact abelian groups},
	publisher = {Cambridge University Press},
	year = {1977},
	address = {Cambridge New York},
	isbn = {0521215439}
},

@article{morris1979duality,
	title={Duality and structure of locally compact abelian groups... for the layman},
	author={Morris, Sidney A},
	journal = {Mathematical Chronicle},
	volume = {8},
	number = {39-56}, 
	year = {1979},
},

@book{Karpilovsky2,
	title={Group Representations},
	author={Gregory Karpilovsky},
	volume={2},
	year={1993},
	publisher={North-Holland},
},

@book{Karpilovsky3,
	title={Group Representations},
	author={Gregory Karpilovsky},
	volume={3},
	year={1994},
	publisher={North-Holland},
},

@book{AB,
	author ={Sanjeev Arora and Boaz Barak},
	title = {Computational Complexity: A Modern Approach},
	edition = {},
	isbn = {0521424267},
	publisher = {Cambridge University Press},
	year = {2009},
	pages={}
	chap = {},
	annotate = {}
}

@manual{GAP4,
	key          = "GAP",
	organization = "The GAP~Group",
	title        = "{GAP -- Groups, Algorithms, and Programming,
	Version 4.8.8}",
	year         = 2017,
	url          = "\verb+(https://www.gap-system.org)+",
},

@unpublished{nielsen2005fermionic,
	title={The Fermionic canonical commutation relations and the Jordan-Wigner transform},
	author={Nielsen, Michael A},
	year={2005},
	note   = "URL: \url{http://michaelnielsen.org/blog/archive/notes/fermions_and_jordan_wigner.pdf}. 
	Last visited on October 2017",
},

@book{geiges2008introduction,
  title={An introduction to contact topology},
  author={Geiges, Hansj{\"o}rg},
  volume={109},
  year={2008},
  publisher={Cambridge University Press}
},

@book{dalton2014phase,
  title={Phase space methods for degenerate quantum gases},
  author={Dalton, Bryan J and Jeffers, John and Barnett, Stephen M},
  volume={163},
  year={2014},
  publisher={OUP Oxford}
}

@book{BZ, 
	title={Geometry of Quantum States: An Introduction to Quantum Entanglement},
	author={Ingemar Bengtsson and Karol {\'Z}yczkowski},
	edition={1st},
	publisher={Cambridge University Press},
	year={2008},
	address = {Cambridge},
	isbn = {1107011116}
},

@unpublished{caves2001measures,
	author = "Carlton M. Caves",
	title  = "{Measures and volumes for spheres, the probability simplex, projective
	Hilbert space, and density operators}",
	note   = "URL: \url{http://info.phys.unm.edu/~caves/reports/measures.pdf}. 
	Last visited on December 2017",
	year=2001
},

@book{kobayashi1969foundations,
  title={Foundations of differential geometry},
  author={Kobayashi, Shoshichi and Nomizu, Katsumi},
  volume={2},
  year={1969},
  publisher={Interscience publishers New York}
},

@book{nakahara2003geometry,
  title={Geometry, topology and physics},
  author={Nakahara, Mikio},
  edition={2nd},
  year={2003},
  publisher={CRC Press}
},

@book{moroianu2007lectures,
  title={Lectures on K{\"a}hler geometry},
  author={Moroianu, Andrei},
  volume={69},
  year={2007},
  publisher={Cambridge University Press}
},

@book{ballmann2006lectures,
  title={Lectures on K{\"a}hler manifolds},
  author={Ballmann, Werner},
  year={2006},
  publisher={European mathematical society}
},

@unpublished{brod-CHSH,
	author = "Daniel Brod, Daniel Gottesman, and Robert Spekkens",
	title  = "{Notes on violating CHSH inequality with matchgates}",
	note   = "Unpublished note",
	year={February 2017},
},

@article{atiyah1964clifford,
  title={Clifford modules},
  author={Atiyah, Michael F and Bott, Raoul and Shapiro, Arnold},
  journal={Topology},
  volume={3},
  pages={3--38},
  year={1964},
  publisher={Pergamon}
},