@Book{baez1994gauge,
	author = {John Baez and Javier P. Muniain},
	title = {Gauge fields, knots, and gravity},
	publisher = {World Scientific},
	year = {1994},
	address = {Singapore River Edge, N.J},
	isbn = {9810220340}
},

@Book{gannon2006moonshine,
	author = {Gannon, Terry},
	title = {Moonshine beyond the monster the bridge connecting algebra, modular forms and physics},
	publisher = {Cambridge University Press},
	year = {2006},
	address = {Cambridge},
	isbn = {0521141885}
},

@Book{simon1996representations,
	author = {Simon, Barry},
	title = {Representations of finite and compact groups},
	publisher = {American Mathematical Society},
	year = {1996},
	address = {Providence, R.I},
	isbn = {978-0-8218-0453-7}
},

@Book{zee2016group,
	author = {Zee, A},
	title = {Group theory in a nutshell for physicists},
	publisher = {Princeton University Press},
	year = {2016},
	address = {Princeton, New Jersey},
	isbn = {9780691162690}
},

@book{Serre,
	author ={Jean-Pierre Serre},
	title = {Linear Representations of Finite Groups},
	edition = {1st},
	isbn = {0387901906},
	publisher = {Springer-Verlag},
	year = {1977},
	pages={}
	chap = {},
	annotate = {}
},

@unpublished{Berndt,
	author = {J{\"u}rgen Berndt},
	title = {Lie group actions on manifolds,},
	url = {https://nms.kcl.ac.uk/juergen.berndt/sophia.pdf},
	howpublished = {\url{https://nms.kcl.ac.uk/juergen.berndt/sophia.pdf}},
	note   = "Lecture Notes, Tokio",
	year = {2002},
	annotate = {},
},

@unpublished{jordan2017zoo,
	author = "Stephen Jordan",
	title  = "{Quantum Algorithm Zoo}",
	note   = "URL: \url{http://math.nist.gov/quantum/zoo/}. 
	Last visited on December 2017",
	year={December 2017}
},

@book{Kirillov,
	author = {Alexander {Kirillov Jr.}},
	title = {An Introduction to Lie Groups and Lie Algebras},
	edition = {},
	isbn = {1316614107},
	publisher = {Cambridge University Press},
	year = {2008},
	pages={}
	chap = {},
	annotate = {}
},

@book{Belinfante,
	author ={Johan G. F. Belindante and Bernard Kolman},
	title = {A Survey of Lie Groups and Lie Algebra with Applications and Computational Methods},
	edition = {},
	isbn = {0898712432},
	publisher = {Society for Industrial and Applied Mathematics},
	year = {1987},
	pages={}
	chap = {},
	annotate = {}
},

@book{Knapp,
	author = {Anthony W. Knapp},
	title = {Lie groups Beyond Introduction},
	edition = {2nd},
	isbn = {},
	publisher = {Birkh{\"a}user},
	year = {2002},
	pages={}
	chap = {},
	annotate = {}
},

@book{GW,
	author ={Roe Goodman and Nolan R. Wallach},
	title = {Symmetry, Representations, and Invariants},
	edition = {},
	isbn = {038779851X},
	publisher = {Springer},
	year = {2009},
	pages={}
	chap = {},
	annotate = {}
},

@book{Procesi,
	author ={Claudio Procesi},
	title = {Lie Groups: An Approach through Invariants and Representations},
	edition = {},
	isbn = {0387260404},
	publisher = {Springer},
	year = {2007},
	pages={}
	chap = {},
	annotate = {}
},

@book{Hall,
	author ={Brian C. Hall},
	title = {Lie Groups, Lie Algebras, and Representations: An Elementary Introduction},
	edition = {},
	isbn = {},
	publisher = {Springer},
	year = {2003},
	pages={}
	chap = {},
	annotate = {}
},

@book{FH,
	author ={William Fulton and Joe Harris},
	title = {Representation Theory: A First Course },
	edition = {},
	isbn = {0387974954},
	publisher = {Springer},
	year = {1999},
	pages={}
	chap = {},
	annotate = {}
},

@article{Harrow,
	author = {Aram Harrow},
	title = {Applications of coherent classical communication and the Schur transform to quantum information theory},
	url = {https://arxiv.org/abs/quant-ph/0512255},
	doi = {},
	journal = {PhD thesis},
	volume = {},
	number = {},
	year = {2005},
	annotate = {},
},

@book{Helgason,
	author ={Sigurdur Helgason},
	title = {Differential Geometry, Lie groups, and Symmetric Spaces},
	edition = {},
	isbn = {},
	publisher = {American Mathematical Society},
	year = {1978},
	pages={}
	chap = {},
	annotate = {}
},

@book{Vilenkin1,
	author ={N. Ja Vilenkin and A. U. Klimyk},
	title = {Representation of Lie Groups and Special Functions Volume 1: Simplest Lie Groups, Special Functions and Integral Transforms},
	edition = {},
	isbn = {},
	publisher = {Kluwer Academic Publishers},
	year = {1988},
	pages={}
	chap = {},
	annotate = {}
},

@book{Vilenkin3,
	author ={N. Ja Vilenkin and A. U. Klimyk},
	title = {Representation of Lie Groups and Special Functions Volume 3: Classical and Quantum Groups and Special Functions},
	edition = {},
	isbn = {},
	publisher = {Kluwer Academic Publishers},
	year = {1988},
	pages={}
	chap = {},
	annotate = {}
},

@book{Lee,
	author ={John M. Lee},
	title = {Introduction to Smooth Manifolds},
	edition = {2nd},
	isbn = {1441999817},
	publisher = {Springer},
	year = {2012},
	pages={}
	chap = {},
	annotate = {}
},

@Book{iachello,
	author = {Iachello, Francesco},
	title = {Lie algebras and applications},
	edition = {2nd},
	publisher = {Springer},
	year = {2015},
	address = {Berlin},
	isbn = {978-3-662-44493-1}
},

@book{yakimova2005gelfand,
	author={Yakimova, Oksana},
	title={Gelfand pairs},
	volume={374},
	series = {Mathematisches Institut der Universit√§t},
	year = {2005}
},

@inproceedings{gelfand1950spherical,
	title={Spherical functions on symmetric spaces},
	author={Gelfand, IM},
	booktitle={Dokl. Akad. Nauk. SSSR},
	volume={70},
	pages={5--8},
	year={1950}
},

@book{wolf2007harmonic,
	author = {Joseph A. Wolf},
	title = {Harmonic analysis on commutative spaces},
	publisher = {American Mathematical Society},
	year = {2007},
	address = {Providence, R.I},
	isbn = {978-0-8218-4289-8}
},

@article{lieart,
	author = {Robert Fegera and Thomas W. Kephartb},
	title = {LieART--A Mathematica application for Lie algebras and representation theory},
	url = {},
	doi = {},
	journal = {Computer Physics Communications},
	volume = {192},
	number = {166-195},
	year = {2015},
	annotate = {arXiv:1206.6379},
},

@book{hua1963harmonic,
  title={Harmonic analysis of functions of several complex variables in the classical domains},
  author={Hua, Luogeng},
  number={6},
  year={1963},
  publisher={American Mathematical Society}
}

@article{,
	author = {},
	title = {},
	url = {},
	doi = {},
	journal = {},
	volume = {},
	number = {},
	year = {},
	annotate = {},
},

@book{,
	author ={},
	title = {},
	edition = {},
	isbn = {},
	publisher = {},
	year = {},
	pages={}
	chap = {},
	annotate = {}
}